@article{ropers1997roles,
  title={Roles and Functions of Third Parties in the Constructive Management of Ethnopolitical Conflicts},
  author={Ropers, Norbert},
  year={1997},
  publisher={Berghof Forschungszentrum f{\"u}r Konstruktive Konfliktbearbeitung}
}

@book{shell,
	address = {New York},
	edition = {Third edition},
	title = {Bargaining for advantage: negotiation strategies for reasonable people},
	isbn = {9781101221372},
	publisher = {Penguin Books},
	author = {Shell, G. Richard},
	year = {2006},
}

@book{zartman1982practical,
    title = {The practical negotiator},
    author = {Zartman, Ira William. and Berman, Maureen R.},
    year = {1982},
    publisher = {Yale University Press}
}

@article{Pruitt,
    author = {Dean G. Pruitt},
    title ={Strategic Choice in Negotiation},
    journal = {American Behavioral Scientist},
    volume = {27},
    number = {2},
    pages = {167-194},
    year = {1983},
    doi = {10.1177/000276483027002005},
    url = {https://doi.org/10.1177/000276483027002005},
    abstract = { Four basic negotiating strategies are analyzed along with the outcomes they encourage and the determinants of their use. Guidelines for influencing the strategic choice of one's bargaining partners are also presented with an emphasis on techniques for encouraging one's adversaries to move away from contentious behavior and toward problem solving. }
}


@article{culo,
  title = {Komunikacija u procesu pregovaranja},
  author = {{\v{C}}ulo, Ksenija and Skendrovi{\'c}, Vladimir},
  journal = {Informatologia},
  volume = {45},
  number = {4},
  pages = {323--327},
  year = {2012},
  publisher = {Hrvatsko komunikolo{\v{s}}ko dru{\v{s}}tvo}
}

@book{tung,
   title =     {U.S.–China Trade Negotiations},
   author =    {Rosalie L. Tung},
   publisher = {Elsevier Inc, Pergamon Press},
   year =      {1982},
   series =    {Pergamon policy studies on business and economics}
}

@article{weiss,
   ISSN =      {10477039, 15265455},
   URL =       {http://www.jstor.org/stable/2635203},
   author =    {Stephen E. Weiss},
   journal =   {Organization Science},
   number =    {2},
   pages =     {269--300},
   publisher = {INFORMS},
   title =     {Analysis of Complex Negotiations in International Business: The RBC Perspective},
   volume =    {4},
   year =      {1993}
}

@misc{watershed,
   url={http://www.watershedassociates.com/learning-center-item/interests-versus-positions.html},
   journal={5 Stages of Negotiation Process | Watershed Associates}
}

@book{avruch,
  title={Culture \& conflict resolution},
  author={Avruch, Kevin},
  volume={31},
  year={1998},
  publisher={US Institute of Peace Press}
}

@article{helen,
  title={What is culture},
  author={Spencer-Oatey, Helen and Franklin, P},
  journal={A compilation of quotations. GlobalPAD Core Concepts},
  pages={1--22},
  year={2012}
}

@book{tylor,
  title={Primitive culture: researches into the development of mythology, philosophy, religion, art, and custom},
  author={Tylor, Edward Burnett},
  volume={2},
  year={1871},
  publisher={J. Murray}
}

@misc{andrew,
title={Cultural Impact on Negotiation}, url={https://www.edgenegotiation.com/2009/12/cultural-impact-on-negotiation/}, journal={The Edge Negotiation Group}
}

@article{faure,
  title={The cultural dimensions of negotiation: The Chinese case},
  author={Faure, Guy Olivier},
  journal={Group decision and negotiation},
  volume={8},
  number={3},
  pages={187--215},
  year={1999},
  publisher={Springer}
}

@phdthesis{graham,
title={Cross-cultural sales negotiations: a multilevel analysis}, author={Graham, John Lawrence.},
year={1980}
}

@book{albert,
title={Silent messages: implicit communication of emotions and attitudes}, publisher={Wadsworth Pub. Co.},
author={Mehrabian, Albert},
year={1981}
}

@article{zueva,
  title={The Influence of National Culture on Negotiating Style: A New Zealand-UK Perspective},
  author={Zueva, Anna and Rogers, Helen and Corbett, Jemma and Cathro, Virginia}
}

@book{trompenaars,
title={Riding the waves of culture: understanding cultural diversity in business},
publisher={Nicholas Brealey},
author={Trompenaars, Alfons and Hampden-Turner, Charles},
year={1997}
}

@book{hall1,
title={Beyond culture},
publisher={Anchor Books},
author={Hall, Edward Twitchell},
year={1989}
}

@book{hall2,
title={The dance of life: the other dimension of time},
publisher={Anchor},
author={Hall, Edward Twitchell},
year={1989}
}

@book{hall3,
title={The hidden dimension},
publisher={Doubleday},
author={Hall, Edward Twitchell},
year={1966}
}

@article{salacuse,
title={Ten Ways that Culture Affects Negotiating Style: Some Survey Results}, 
volume={14},
DOI={10.1111/j.1571-9979.1998.tb00162.x},
number={3}, 
journal={Negotiation Journal}, 
author={Salacuse, Jeswald W.}, 
year={1998}, 
pages={221–240}
}

@article{adair,
title={The Negotiation Dance: Time, Culture, and Behavioral Sequences in Negotiation},
volume={16},
DOI={10.1287/orsc.1040.0102},
number={1},
journal={Organization Science},
author={Adair, Wendi L. and Brett, Jeanne M.},
year={2005},
pages={33–51}
}

@book{ferraro,
edition={3rd}, 
title={The cultural dimension of international business}, 
publisher={Prentice Hall}, 
author={Ferraro, Gary P.}, 
year={1998}
}

@article{carnevale,
  title={Property, culture, and negotiation},
  author={Carnevale, Peter J},
  journal={Negotiation as a social process},
  pages={309--323},
  year={1995},
  publisher={Thousand Oaks, CA Sage}
}

@article{tang, 
title={Chinese Conflict Preferences and Negotiating Behaviour: Cultural and Psychological Influences},
volume={12},
DOI={10.1177/017084069101200302},
number={3},
journal={Organization Studies},
author={Kirkbride, Paul S. and Tang, Sara F. Y. and Westwood, Robert I.}, 
year={1991}, 
pages={365–386}
}

@article{rohit,
title={Organizational Culture and Marketing: Defining the Research Agenda}, 
volume={53},
DOI={10.2307/1251521},
number={1}, 
journal={Journal of Marketing}, 
author={Deshpande, Rohit and Webster, Frederick E.}, 
year={1989}, 
pages={3}
}

@article{stripp, 
title={Negotiating with foreign business persons}, 
DOI={10.1075/z.87.06wei}, 
journal={The Cultural Context in Business Communication}, 
author={Weiss, Stephen E. and Stripp, William}, 
year={1985}, 
pages={51}
}

@article{faure1,
title={Negotiation: The Chinese Concept}, 
volume={14},
DOI={10.1111/j.1571-9979.1998.tb00154.x},
number={2}, 
journal={Negotiation Journal}, 
author={Faure, Guy Olivier}, 
year={1998}, 
pages={137–148}
}

@book{salacuse1,
title={The global negotiator: making, managing, and mending deals around the world in the twenty-first century}, 
publisher={Palgrave Macmillan}, 
author={Salacuse, Jeswald W.}, 
year={2003}
}

@article{schwartz,
  title={A theory of cultural value orientations: Explication and applications},
  author={Schwartz, Shalom H},
  journal={Comparative sociology},
  volume={5},
  number={2},
  pages={137--182},
  year={2006},
  publisher={Brill}
}

@book{sawyer,
place={New York}, 
title={Bargaining and negotiation in international relations}, 
publisher={H. Rinehart and Winston}, 
author={Sawyer, Jack and Guetzkow, Harold Steere.}, 
year={1965}
}

@book{matsumoto, 
place={Pacific Grove, CA},
title={Culture and psychology},
publisher={Brooks/Cole},
author={Matsumoto, David Ricky},
year={1996}
}